@article{card1998school,
  title={School resources and student outcomes},
  author={Card, David and Krueger, Alan B},
  journal={The ANNALS of the American Academy of Political and Social Science},
  volume={559},
  number={1},
  pages={39--53},
  year={1998},
  publisher={SAGE Periodicals Press}
}
